@book{kawczynski,
	author = {Andrzej Lech Kawczyński},
	title = {Reakcje Chemiczne od równowagi przez struktury dyssypatywne do chaosu},
	date = {1990},
}

@book{orlik,
	author = {Marek Orlik},
	title = {Reakcje oscylacyjne},
	date = {1996},
	subtitle = {porządek i chaos},
}

@book{Ceynowa2008,
	author = {Józef Ceynowa},
	title = {Zarys Liniowej Termodynamiki Nierównowagowej Układów Ciągłych i Membranowych},
	date = {2008},
}

@article{lotka,
	author = {Lotka, Alfred J.},
	title = {Contribution to the Theory of Periodic Reactions},
	journal = {The Journal of Physical Chemistry},
	volume = {14},
	number = {3},
	pages = {271-274},
	year = {1910},
	doi = {10.1021/j150111a004},
	
	URL = { 
	https://doi.org/10.1021/j150111a004
	
	},
	eprint = { 
	https://doi.org/10.1021/j150111a004
	
	}
	
}


@article{belousov_hist,
	author = {Alexander Pechenkin},
	title = {B P Belousov and his reaction},
	journaltitle = {Journal of Bioscience},
	date = {2009},
}


@book{landau,
	author = {Lew D. Landau and Jewgienij M. Lifszyc},
	title = {Fizyka Statystyczna},
	date = {2011},
	subtitle = {część 1},
}


@mvbook{pigon1,
	author = {Krzysztof Pigoń and Zdzisław Ruziewicz},
	title = {Chemia Fizyczna},
	date = {2013},
	subtitle = {Podstawy fenomenologiczne},
}


@book{fortuna,
	author = {Zenon Fortuna and Bohdan Macukow and Janusz Wąsowski},
	title = {Metody Numeryczne},
	date = {2017},
}


@book{palczewski,
	author = {Andrzej Palczewski},
	title = {Równania Różniczkowe Zwyczajne},
	date = {2017},
	subtitle = {Teoria i metody numeryczne z wykorzystaniem programu rachunków symbolicznych},
}


@book{pudlik,
	author = {Wiesław Pudlik},
	title = {Termodynamika},
	date = {2020},
}


@book{stryer,
author = {John L. Tymoczko and Jeremy M. Berg and Lubert Stryer},
title = {Biochemia},
date = {2013},
subtitle = {Krótki Kurs},
}


@book{buchowski,
author = {H. Buchowski and W. Ufnalski},
title = {Podstawy Termodynamiki},
date = {2001},
}


@book{jaworski,
author = {B. M. Jaworski and A. A. Dietław},
title = {Fizyka. Poradnik encyklopedyczny},
date = {2000},
}


@book{guminski,
author = {Kazimierz Gumiński},
title = {Termodynamika procesów nieodwracalnych},
date = {1962},
}


@book{atkins_por,
author = {Peter William Atkins},
title = {Chemia. Przewodnik po chemii fizycznej},
date = {1997},
}


@book{mazur,
author = {S. R. de Groot and P. Mazur},
title = {Non-equilibrium thermodynamics},
date = {1962},
}


@book{guminski_petelenz,
author = {K. Gumiński and P. Petelenz},
title = {Elementy chemii teoretycznej},
date = {1989},
}


@book{kurzynski,
author = {Michal Kurzynski},
title = {The thermodynamic machinery of life},
date = {2006},
}


@article{osypova,
author = {A. Osypova and M. D{\"u}bner and G. Panzarasa},
title = {Oscillating Reactions Meet Polymers at Interfaces},
journaltitle = {materials},
date = {2020},
}


@article{orlik_sily_w_przyrodzie,
author = {Marek Orlik},
title = {O siłach napędowych w przyrodzie - koncepcje, interpretacje i nieporozumienia},
journaltitle = {Wiadomości chemiczne},
date = {2023},
}


@article{epstein,
author = {Irving R. Epstein},
title = {Predicting complex biology with simple chemistry},
journaltitle = {PNAS},
date = {2006},
}


@book{prigogine,
author = {Ilya Prigogine},
title = {From being to becoming},
date = {1980},
}


@article{krebs_oscillations,
author = {E. Ahn and P. Kumar and D. Mukha and A. Tzur and T. Shlomi},
title = {Temporal fluxomics reveals oscillations in TCA cycle flux throughout the mammalian cell cycle},
journaltitle = {Molecular Systems Biology},
date = {2017},
}


@book{prigogine_modern,
author = {D. Kondepudi and I. Prigogine},
title = {Modern Thermodynamics},
date = {1998},
subtitle = {From Heat Engines to Dissipative Structures},
}


@online{sigmaaldrich,
title = {Sigma-Aldrich},
date = {2023},
url = {www.sigmaaldrich.com},
}
